@misc{UN_Ageing,
  author = {{United Nations}},
  title = {{Ageing}},
  howpublished = "\url{https://www.un.org/en/sections/issues-depth/ageing/}",
  year = {2019},
  note = "[Online; accessed 8-March-2020]"
}

@misc{HomeAdvisor,
  author = {{Home Advisor}},
  title = {{How Much Does It Cost To Install A Home Automation System?}},
  howpublished = "\url{https://www.homeadvisor.com/cost/electrical/install-or-repair-a-home-automation-system/}",
  year = {2020},
  note = "[Online; accessed 10-March-2020]"
}
