@misc{HealthGovAU,
  author = {{Australian Government - Department of Health}},
  title = {{What you need to know about coronavirus (COVID-19)}},
  howpublished = "\url{https://www.health.gov.au/news/health-alerts/novel-coronavirus-2019-ncov-health-alert/what-you-need-to-know-about-coronavirus-covid-19\#protect-yourself-and-others}",
  year = {2020},
  note = "[Online; accessed 10-April-2020]"
}

@misc{Q&A_WHO,
  author = {{World Health Organization (WHO)}},
  title = {{Q{\&}A on coronaviruses (COVID-19)}},
  howpublished = "\url{https://www.who.int/news-room/q-a-detail/q-a-coronaviruses}",
  year = {2020},
  note = "[Online; accessed 10-April-2020]"
}

@misc{CoronavirusOrigin,
  author = {{Suzannah Lyons, Natasha Mitchell}},
  title = {{How did coronavirus start? Where did bats get the virus from and how did it spread to humans?}},
  howpublished = "\url{https://www.abc.net.au/news/science/2020-04-09/how-did-coronavirus-start-where-did-bats-get-covid-19-from/12132312}",
  year = {2020},
  note = "[Online; accessed 10-April-2020]"
}

@misc{BlueDotHome,
  author = {{BlueDot}},
  title = {{BlueDot: Outbreak Risk Software}},
  howpublished = "\url{https://bluedot.global}",
  year = {2020},
  note = "[Online; accessed 10-April-2020]"
}

@misc{BlueDotCNBC,
  author = {{Cory Stieg - CNBC Make It}},
  title = {{How this Canadian start-up spotted coronavirus before everyone else knew about it}},
  howpublished = "\url{https://www.cnbc.com/2020/03/03/bluedot-used-artificial-intelligence-to-predict-coronavirus-spread.html}",
  year = {2020},
  note = "[Online; accessed 10-April-2020]"
}

@misc{MIT_App,
  author = {{Kylie Foy - Lincoln Laboratory - MIT News}},
  title = {{Bluetooth signals from your smartphone could automate Covid-19 contact tracing while preserving privacy}},
  howpublished = "\url{http://news.mit.edu/2020/bluetooth-covid-19-contact-tracing-0409}",
  year = {2020},
  note = "[Online; accessed 10-April-2020]"
}

@misc{Reinfection_abcnews,
  author = {{Dr. Delaram J. Taghipour}},
  title = {{Questions remain over whether COVID-19 recovery will guarantee immunity: Is reinfection still possible?}},
  howpublished = "\url{https://abcnews.go.com/Health/questions-remain-covid-19-\%20recovery-guarantee-immunity-reinfection/story?id=70085581}",
  year = {2020},
  note = "[Online; accessed 13-April-2020]"
}

@misc{Reinfection_independent,
  author = {{Chelsea Ritschel}},
  title = {{CORONAVIRUS: CAN YOU GET COVID-19 TWICE OR DOES IT CAUSE IMMUNITY?}},
  howpublished = "\url{https://www.independent.co.uk/life-style/health-and-families/coronavirus-immunity-reinfection-get-covid-19-twice-sick-spread-relapse-a9400691.html}",
  year = {2020},
  note = "[Online; accessed 13-April-2020]"
}

@misc{ChinasMeasure1,
  author = {{Lily Kuo}},
  title = {{How did China get to grips with its coronavirus outbreak?}},
  howpublished = "\url{https://www.theguardian.com/world/2020/mar/09/how-did-china-get-grips-with-coronavirus-outbreak}",
  year = {2020},
  note = "[Online; accessed 11-April-2020]"
}

@misc{ChinasMeasure2,
  author = {{Lily Kuo}},
  title = {{'The new normal': China's excessive coronavirus public monitoring could be here to stay."}},
  howpublished = "\url{https://www.theguardian.com/world/2020/mar/09/the-new-normal-chinas-excessive-coronavirus-public-monitoring-could-be-here-to-stay}",
  year = {2020},
  note = "[Online; accessed 11-April-2020]"
}

@misc{QueenslandHealth,
  author = {{Queensland Government - Queensland Health}},
  title = {{Contact tracing for coronavirus (COVID-19): how it’s done in Queensland}},
  howpublished = "\url{https://www.health.qld.gov.au/news-events/news/contact-tracing-novel-coronavirus-covid-19-confirmed-case-notify-Queensland}",
  year = {2020},
  note = "[Online; accessed 13-April-2020]"
}

@misc{SingTraceTogether,
  author = {{Saheli Roy Choudhury}},
  title = {{Singapore says it will make its contact tracing tech freely available to developers}},
  howpublished = "\url{https://www.cnbc.com/2020/03/25/coronavirus-singapore-to-make-contact-tracing-tech-open-source.html}",
  year = {2020},
  note = "[Online; accessed 13-April-2020]"
}

@misc{IsraelTheShield,
  author = {{Allison Kaplan Sommer}},
  title = {{Israel Unveils Open Source App to Warn Users of Coronavirus Cases}},
  howpublished = "\url{https://www.haaretz.com/israel-news/israel-unveils-app-that-uses-tracking-to-tell-users-if-they-were-near-virus-cases-1.8702055}",
  year = {2020},
  note = "[Online; accessed 13-April-2020]"
}

@misc{AppleGoogleSys,
  author = {{Russell Brandom, Adi Robertson}},
  title = {{Apple and Google are building a coronavirus tracking system into iOS and Android}},
  howpublished = "\url{https://www.theverge.com/2020/4/10/21216484/google-apple-coronavirus-contract-tracing-bluetooth-location-tracking-data-app}",
  year = {2020},
  note = "[Online; accessed 13-April-2020]"
}

@misc{AppleFindMy,
  author = {{Apple}},
  title = {{Find My: One place to find your devices and friends}},
  howpublished = "\url{https://www.apple.com/au/icloud/find-my/}",
  year = {2020},
  note = "[Online; accessed 10-April-2020]"
}

@misc{CovidSafe,
  author = {{Austrlian Government - Department of Health}},
  title = {{COVIDSafe app}},
  howpublished = "\url{https://www.health.gov.au/resources/apps-and-tools/covidsafe-app}",
  year = {2020},
  note = "[Online; accessed 14-May-2020]"
}

@misc{Support1,
  author = {{New South Wales Government - Health}},
  title = {{COVID-19: Support for people in hotel quarantine}},
  howpublished = "\url{https://www.health.nsw.gov.au/Infectious/factsheets/Pages/hotel-quarantine.aspx}",
  year = {2020},
  note = "[Online; accessed 14-May-2020]"
}

@misc{Support2,
  author = {{Austrlian Government - Department of Health}},
  title = {{Self-isolation (self-quarantine) for coronavirus (COVID-19)}},
  howpublished = "\url{https://www.health.gov.au/news/health-alerts/novel-coronavirus-2019-ncov-health-alert/how-to-protect-yourself-and-others-from-coronavirus-covid-19/self-isolation-self-quarantine-for-coronavirus-covid-19}",
  year = {2020},
  note = "[Online; accessed 14-May-2020]"
}

@misc{Support3,
  author = {{Queensland Government - Queensland Health}},
  title = {{Looking after yourself while you’re self-quarantining}},
  howpublished = "\url{https://www.health.qld.gov.au/news-events/news/self-quarantine-isloation-queensland-novel-coronavirus-covid-19-how-to-look-after-health-wellbeing-mind-body}",
  year = {2020},
  note = "[Online; accessed 14-May-2020]"
}

@misc{Support4,
  author = {{Austrlian Government - Department of Health}},
  title = {{Head to Health - COVID-19 Support}},
  howpublished = "\url{https://headtohealth.gov.au/covid-19-support/covid-19}",
  year = {2020},
  note = "[Online; accessed 14-May-2020]"
}

@misc{Support5,
  author = {{moneysmart.gov.au}},
  title = {{COVID-19 financial assistance}},
  howpublished = "\url{https://moneysmart.gov.au/covid-19/financial-assistance}",
  year = {2020},
  note = "[Online; accessed 14-May-2020]"
}

@misc{Stake1,
  author = {{Australian Government - Department of Health}},
  title = {{Social distancing for coronavirus (COVID-19)}},
  howpublished = "\url{https://www.health.gov.au/news/health-alerts/novel-coronavirus-2019-ncov-health-alert/how-to-protect-yourself-and-others-from-coronavirus-covid-19/social-distancing-for-coronavirus-covid-19}",
  year = {2020},
  note = "[Online; accessed 10-April-2020]"
}

@misc{Stake2,
  author = {{The Chartered Management Institute}},
  title = {{WHAT IF YOU CAN'T WORK FROM HOME DURING THE COVID-19 OUTBREAK?}},
  howpublished = "\url{https://www.managers.org.uk/insights/news/2020/march/what-if-you-cant-work-from-home-during-the-covid-19-outbreak}",
  year = {2020},
  note = "[Online; accessed 10-April-2020]"
}

@misc{Stake3,
  author = {{Annika Blau, Matt Martino}},
  title = {{Coronavirus could flood our hospital ICUs with COVID-19 patients, so do we have enough beds?}},
  howpublished = "\url{https://www.abc.net.au/news/2020-03-27/coronavirus-australia-covid-19-icu-beds-ventilators-hospitals/12090420}",
  year = {2020},
  note = "[Online; accessed 10-April-2020]"
}

@misc{Stake4,
  author = {{Robert Booth, Denis Campbell, Matthew Weaver}},
  title = {{Pressure to provide equipment grows after two UK doctors die}},
  howpublished = "\url{https://www.theguardian.com/world/2020/mar/29/worrying-event-deaths-of-nhs-doctors-from-covid-19-stark-reminder-of-pandemic}",
  year = {2020},
  note = "[Online; accessed 10-April-2020]"
}

@misc{Stake5,
  author = {{The International Council of Nurses}},
  title = {{High proportion of healthcare workers with COVID-19 in Italy is a stark warning to the world: protecting nurses and their colleagues must be the number one priority}},
  howpublished = "\url{https://www.icn.ch/news/high-proportion-healthcare-workers-covid-19-italy-stark-warning-world-protecting-nurses-and}",
  year = {2020},
  note = "[Online; accessed 10-April-2020]"
}

@misc{Stake6,
  author = {{Holly Secon}},
  title = {{An interactive map shows how overloaded hospitals in the US could get as coronavirus cases grow, region by region}},
  howpublished = "\url{https://www.businessinsider.com.au/map-shows-hospital-capacity-affected-by-coronavirus-2020-3?r=US\&IR=T}",
  year = {2020},
  note = "[Online; accessed 11-April-2020]"
}

@misc{Stake7,
  author = {{Tom Lowrey}},
  title = {{Dedicated coronavirus field hospital to be constructed in Canberra, opening next month}},
  howpublished = "\url{https://www.abc.net.au/news/2020-04-02/act-government-to-build-coronavirus-hospital-by-next-month/12111868}",
  year = {2020},
  note = "[Online; accessed 11-April-2020]"
}

@misc{Stake2-1,
  author = {{Nassim Khadem}},
  title = {{Coronavirus hit almost half of Australian businesses even before social distancing, ABS reveals.}},
  howpublished = "\url{https://www.abc.net.au/news/2020-03-26/coronavirus-economic-impact-in-australia-abs/12092488}",
  year = {2020},
  note = "[Online; accessed 03-May-2020]"
}

@misc{Stake2-2,
  author = {{Hassan Djeebet}},
  title = {{What is the Impact of COVID-19 on the Global Hospitality Industry?}},
  howpublished = "\url{https://www.hospitalitynet.org/opinion/4098062.html}",
  year = {2020},
  note = "[Online; accessed 03-May-2020]"
}

@misc{Stake2-3,
  author = {{Lora Jones, Daniele Palumbo, David Brown}},
  title = {{Coronavirus: A visual guide to the economic impact.}},
  howpublished = "\url{https://www.bbc.com/news/business-51706225}",
  year = {2020},
  note = "[Online; accessed 03-May-2020]"
}

@misc{Stake2-4,
  author = {{Natalie Sherman}},
  title = {{Coronavirus: US unemployment claims hit 26.4 million amid virus.}},
  howpublished = "\url{https://www.bbc.com/news/business-52398837}",
  year = {2020},
  note = "[Online; accessed 03-May-2020]"
}

@misc{Stake2-5,
  author = {{Leor Melamedov}},
  title = {{Coronavirus (COVID-19) and the Banking Industry: Impact and Solutions.}},
  howpublished = "\url{https://www.lightico.com/blog/coronavirus-covid-19-and-the-banking-industry-impact-and-solutions/}",
  year = {2020},
  note = "[Online; accessed 03-May-2020]"
}

@misc{Stake2-6,
  author = {{Robert Slonim}},
  title = {{In some places 40\% of us may have downloaded COVIDSafe. Here’s why the government should share what it knows.}},
  howpublished = "\url{https://theconversation.com/in-some-places-40-of-us-may-have-downloaded-covidsafe-heres-why-the-government-should-share-what-it-knows-138323}",
  year = {2020},
  note = "[Online; accessed 03-May-2020]"
}

@misc{Stake2-7,
  author = {{Sydney University of Technology}},
  title = {{COVID-19 Student Support Package.}},
  howpublished = "\url{https://www.uts.edu.au/current-students/support/financial-help/covid-19-student-support-package}",
  year = {2020},
  note = "[Online; accessed 03-May-2020]"
}

@misc{Stake2-8,
  author = {{Queensland Government}},
  title = {{Support for workers affected by coronavirus (COVID-
19).}},
  howpublished = "\url{https://www.qld.gov.au/jobs/support-workers-coronavirus}",
  year = {2020},
  note = "[Online; accessed 03-May-2020]"
}

@misc{Stake2-9,
  author = {{B. o. S. Australia}},
  title = {{COVID-19 Customer Support Package.}},
  howpublished = "\url{https://www.banksa.com.au/about/community-support/disaster-relief/covid-19/customer-support-package}",
  year = {2020},
  note = "[Online; accessed 03-May-2020]"
}

@misc{Stake2-10,
  author = {{Telstra}},
  title = {{Supporting you during COVID-19.}},
  howpublished = "\url{https://www.telstra.com.au/covid19/supporting-you-during-covid-19}",
  year = {2020},
  note = "[Online; accessed 03-May-2020]"
}

@misc{Questions2,
  author = {{Will Knight}},
  title = {{Phones Could Track the Spread of Covid-19. Is It a Good Idea? }},
  howpublished = "\url{https://www.wired.com/story/phones-track-spread-covid19-good-idea/}",
  year = {2020},
  note = "[Online; accessed 13-April-2020]"
}

@misc{Questions3,
  author = {{Richard Gray}},
  title = {{Covid-19: How long does the coronavirus last on surfaces?}},
  howpublished = "\url{https://www.bbc.com/future/article/20200317-covid-19-how-long-does-the-coronavirus-last-on-surfaces}",
  year = {2020},
  note = "[Online; accessed 13-April-2020]"
}

@misc{Questions4,
  author = {{Ryan Morrison}},
  title = {{US government is 'in talks with Facebook and Google' about tracking the location of citizens using their smartphones during the coronavirus pandemic to ensure they are practicing social distancing}},
  howpublished = "\url{https://www.dailymail.co.uk/sciencetech/article-8125355/US-government-talks-Facebook-Google-track-coronavirus.html}",
  year = {2020},
  note = "[Online; accessed 13-April-2020]"
}

@misc{Questions5,
  author = {{Josh Taylor}},
  title = {{Covidsafe app: how Australia’s coronavirus contact tracing app works, what it does, downloads and problems}},
  howpublished = "\url{https://www.theguardian.com/australia-news/2020/may/15/covid-safe-app-australia-how-download-does-it-work-australian-government-covidsafe-covid19-tracking-downloads}",
  year = {2020},
  note = "[Online; accessed 13-May-2020]"
}

@misc{Plan1,
  author = {{Krista Merry, Pete Bettinger}},
  title = {{Smartphone GPS accuracy study in an urban environment}},
  howpublished = "\url{https://journals.plos.org/plosone/article/authors?id=10.1371/journal.pone.0219890}",
  year = {2019},
  note = "[Online; accessed 13-April-2020]"
}

@misc{Plan2,
  author = {{Queensland Government}},
  title = {{Social distancing \& home confinement}},
  howpublished = "\url{https://www.qld.gov.au/health/conditions/health-alerts/coronavirus-covid-19/take-action/social-distancing}",
  year = {2020},
  note = "[Online; accessed 13-April-2020]"
}

@misc{Plan3,
  author = {{World Health Organization}},
  title = {{Q\&A on coronaviruses (COVID-19)}},
  howpublished = "\url{https://www.who.int/news-room/q-a-detail/q-a-coronaviruses}",
  year = {2020},
  note = "[Online; accessed 08-Apr-2020]"
}

@misc{Plan4,
  author = {{Neeltje van Doremalen, Trenton Bushmaker, Dylan H. Morris}},
  title = {{Aerosol and Surface Stability of SARS-CoV-2 as Compared with SARS-CoV-1}},
  howpublished = "\url{https://www.nejm.org/doi/full/10.1056/NEJMc2004973}",
  year = {2020},
  note = "[Online; accessed 13-April-2020]"
}

@misc{Ian1,
  author = {{Zack Whittaker}},
  title = {{A family tracking app was leaking real-time location data}},
  howpublished = "\url{https://techcrunch.com/2019/03/23/family-tracking-location-leak/}",
  year = {2019},
  note = "[Online; accessed 07-April-2020]"
}

@misc{Ian2,
  author = {{Jennifer Valentino-DeVries, Natasha Singer, Michael H. Keller, Aaron Krolik}},
  title = {{Your Apps Know Where You Were Last Night, and They’re Not Keeping It Secret}},
  howpublished = "\url{https://www.nytimes.com/interactive/2018/12/10/business/location-data-privacy-apps.html}",
  year = {2018},
  note = "[Online; accessed 10-April-2020]"
}

@misc{Ian3,
  author = {{Emily Clark}},
  title = {{Do People Trust Apps That Track Their Location?}},
  howpublished = "\url{https://themanifest.com/mobile-apps/do-people-trust-apps-track-their-location}",
  year = {2019},
  note = "[Online; accessed 10-April-2019]"
}

@misc{Ian4,
  author = {{Dan Storbaek}},
  title = {{A Complete Guide to GDPR, CCPA \& International Privacy Laws}},
  howpublished = "\url{https://secureprivacy.ai/complete-guide-to-international-data-privacy-laws/}",
  year = {2018},
  note = "[Online; accessed 10-April-2020]"
}

@misc{Ian5,
  author = {{Official Journal of the European Union, p. 32}},
  title = {{REGULATION (EU) 2016/679 OF THE EUROPEAN PARLIAMENT AND OF THE COUNCIL of 27 April 2016 on the protection of natural persons with regard to the processing of personal data and on the free movement of such data, and repealing Directive 95/46/EC (General Data Protection Regulation)}},
  howpublished = "\url{https://eur-lex.europa.eu/legal-content/EN/TXT/PDF/?uri=CELEX:32016R0679}",
  year = {2016},
  note = "[Online; accessed 10-April-2020]"
}

@misc{Ian6,
  author = {{Australian Government - Office of the Australian Information Commissioner}},
  title = {{Australian entities and the EU General Data Protection Regulation (GDPR)}},
  howpublished = "\url{https://www.oaic.gov.au/privacy/guidance-and-advice/australian-entities-and-the-eu-general-data-protection-regulation/}",
  year = {2018},
  note = "[Online; accessed 10-April-2020]"
}

@misc{Ian7,
  author = {{Andy Greenberg}},
  title = {{The Clever Cryptography Behind Apple's 'Find My' Feature}},
  howpublished = "\url{https://www.wired.com/story/apple-find-my-cryptography-bluetooth/}",
  year = {2019},
  note = "[Online; accessed 13-April-2020]"
}

@book{Ian8,
  author    = {Shelly Taylor}, 
  title     = {Health Psychology},
  publisher = {McGraw Hill India},
  year      = 2012,
  edition   = 8,
  isbn      = {9780078035197}
}

@misc{COVIDSafe1,
  author       = {Australia Government - Department of Health},
  title        = {COVIDSafe app},
  howpublished = "\url{https://www.health.gov.au/resources/apps-and-tools/covidsafe-app}",
  year         = {2020},
  note = "[Online, accessed 20-June-2020]"
}

@misc{COVIDSafe2,
  author       = {Ministers - Department of Health},
  title        = {COVIDSafe: New app to slow the spread of the coronavirus},
  howpublished = "\url{https://www.health.gov.au/ministers/the-hon-greg-hunt-mp/media/covidsafe-new-app-to-slow-the-spread-of-the-coronavirus}",
  year         = {2020},
  note = "[Online, accessed 20-June-2020]"
}

@misc{TheShield1,
  author = {{Lawrence Abrams}},
  title = {{Israel Govt's New 'Shield' App Tracks Your Coronavirus Exposure}},
  howpublished = "\url{https://www.bleepingcomputer.com/news/technology/israel-govts-new-shield-app-tracks-your-coronavirus-exposure/}",
  year = {2020},
  note = "[Online; published 22-March-2020]"
}

@misc{TheShield2,
  author = {{Tova Cohen}},
  title = {{1.5 million Israelis using voluntary coronavirus monitoring app}},
  howpublished = "\url{https://www.reuters.com/article/us-health-coronavirus-israel-apps/1-5-million-israelis-using-voluntary-coronavirus-monitoring-app-idUSKBN21J5L5}",
  year = {2020},
  note = "[Online; published 1-April-2020]"
}

@misc{TheShield3,
  author = {{Allison Kaplan Sommer}},
  title = {{Israel Unveils Open Source App to Warn Users of Coronavirus Cases}},
  howpublished = "\url{https://www.haaretz.com/israel-news/israel-unveils-app-that-uses-tracking-to-tell-users-if-they-were-near-virus-cases-1.8702055}",
  year = {2020},
  note = "[Online; published 24-March-2020]"
}

@techreport{BlueTrace1,
  author = {{Jason Bay, Joel Kek, Alvin Tan, Chai Sheng Hau, Lai Yongquan, Janice Tan, Tang Anh Quy}},
  title = {{BlueTrace: A privacy-preserving protocol for
community-driven contact tracing across borders}},
  institution = {{Government Technology Agency, Singapore}},
  year = {2020},
  type = {White Paper},
  howpublished = "\url{https://bluetrace.io/static/bluetrace_whitepaper-938063656596c104632def383eb33b3c.pdf}",
  note = "[Online; published 2020]"
}

@techreport{DP3T1,
  title = {{Decentralized Privacy-Preserving Proximity Tracing}},
  institution = {{The DP3T Project}},
  year = {2020},
  type = {White Paper},
  howpublished = "\url{https://github.com/DP-3T/documents/blob/master/DP3T\%20White\%20Paper.pdf}",
  note = "[Online; latest version: 25-May-2020]"
}

@techreport{ExpoNoti1,
  author      = {{Apple \& Google}},
  title       = {{Exposure Notification - Frequently Asked Questions: Preliminary - Subject to Modification and Extension}},
  institution = {{Apple \& Google}},
  year        = {2020},
  howpublished = "\url{https://blog.google/documents/73/Exposure_Notification_-_FAQ_v1.1.pdf}",
  note = "[Online; published May-2020]"
}

@techreport{ExpoNoti2,
  author      = {{Apple \& Google}},
  title       = {{Exposure Notification - Cryptography Specification: Preliminary - Subject to Modification and Extension}},
  institution = {{Apple \& Google}},
  year        = {2020},
  howpublished = "\url{https://blog.google/documents/69/Exposure_Notification_-_Cryptography_Specification_v1.2.1.pdf}",
  note = "[Online; published April-2020]"
}

@misc{UserAcceptance1,
  author = {{Eszter Hargittai, Elissa Redmiles}},
  title = {{Will Americans Be Willing to Install COVID-19 Tracking Apps?}},
  howpublished = "\url{https://blogs.scientificamerican.com/observations/will-americans-be-willing-to-install-covid-19-tracking-apps/}",
  year = {2020},
  note = "[Online; published 28-April-2020]"
}

@misc{UserAcceptance2,
  author = {{Salvatore Babones}},
  title = {{Countries Rolling Out Coronavirus Tracking Apps Show Why They Can’t Work}},
  howpublished = "\url{https://foreignpolicy.com/2020/05/12/coronavirus-tracking-tracing-apps-cant-work-south-korea-singapore-australia/}",
  year = {2020},
  note = "[Online; published 12-May-2020]"
}

@misc{Korea1,
  author = {{Sarah Wray}},
  title = {{South Korea to step-up online coronavirus tracking}},
  howpublished = "\url{https://www.smartcitiesworld.net/news/news/south-korea-to-step-up-online-coronavirus-tracking-5109}",
  year = {2020},
  note = "[Online; published 12-March-2020]"
}