@misc{TheShield1,
  author = {{Lawrence Abrams}},
  title = {{Israel Govt's New 'Shield' App Tracks Your Coronavirus Exposure}},
  howpublished = "\url{https://www.bleepingcomputer.com/news/technology/israel-govts-new-shield-app-tracks-your-coronavirus-exposure/}",
  year = {2020},
  note = "[Online; published 22-March-2020]"
}

@misc{TheShield2,
  author = {{Tova Cohen}},
  title = {{1.5 million Israelis using voluntary coronavirus monitoring app}},
  howpublished = "\url{https://www.reuters.com/article/us-health-coronavirus-israel-apps/1-5-million-israelis-using-voluntary-coronavirus-monitoring-app-idUSKBN21J5L5}",
  year = {2020},
  note = "[Online; published 1-April-2020]"
}

@misc{TheShield3,
  author = {{Allison Kaplan Sommer}},
  title = {{Israel Unveils Open Source App to Warn Users of Coronavirus Cases}},
  howpublished = "\url{https://www.haaretz.com/israel-news/israel-unveils-app-that-uses-tracking-to-tell-users-if-they-were-near-virus-cases-1.8702055}",
  year = {2020},
  note = "[Online; published 24-March-2020]"
}

@techreport{BlueTrace1,
  author = {{Jason Bay, Joel Kek, Alvin Tan, Chai Sheng Hau, Lai Yongquan, Janice Tan, Tang Anh Quy}},
  title = {{BlueTrace: A privacy-preserving protocol for
community-driven contact tracing across borders}},
  institution = {{Government Technology Agency, Singapore}},
  year = {2020},
  type = {White Paper},
  howpublished = "\url{https://bluetrace.io/static/bluetrace_whitepaper-938063656596c104632def383eb33b3c.pdf}",
  note = "[Online; published 2020]"
}

@techreport{DP3T1,
  title = {{Decentralized Privacy-Preserving Proximity Tracing}},
  institution = {{The DP3T Project}},
  year = {2020},
  type = {White Paper},
  howpublished = "\url{https://github.com/DP-3T/documents/blob/master/DP3T\%20White\%20Paper.pdf}",
  note = "[Online; latest version: 25-May-2020]"
}

@techreport{ExpoNoti1,
  author      = {{Apple \& Google}},
  title       = {{Exposure Notification - Frequently Asked Questions: Preliminary - Subject to Modification and Extension}},
  institution = {{Apple \& Google}},
  year        = {2020},
  howpublished = "\url{https://blog.google/documents/73/Exposure_Notification_-_FAQ_v1.1.pdf}",
  note = "[Online; published May-2020]"
}

@techreport{ExpoNoti2,
  author      = {{Apple \& Google}},
  title       = {{Exposure Notification - Cryptography Specification: Preliminary - Subject to Modification and Extension}},
  institution = {{Apple \& Google}},
  year        = {2020},
  howpublished = "\url{https://blog.google/documents/69/Exposure_Notification_-_Cryptography_Specification_v1.2.1.pdf}",
  note = "[Online; published April-2020]"
}

@misc{UserAcceptance1,
  author = {{Eszter Hargittai, Elissa Redmiles}},
  title = {{Will Americans Be Willing to Install COVID-19 Tracking Apps?}},
  howpublished = "\url{https://blogs.scientificamerican.com/observations/will-americans-be-willing-to-install-covid-19-tracking-apps/}",
  year = {2020},
  note = "[Online; published 28-April-2020]"
}

@misc{UserAcceptance2,
  author = {{Salvatore Babones}},
  title = {{Countries Rolling Out Coronavirus Tracking Apps Show Why They Canâ€™t Work}},
  howpublished = "\url{https://foreignpolicy.com/2020/05/12/coronavirus-tracking-tracing-apps-cant-work-south-korea-singapore-australia/}",
  year = {2020},
  note = "[Online; published 12-May-2020]"
}

@misc{Korea1,
  author = {{Sarah Wray}},
  title = {{South Korea to step-up online coronavirus tracking}},
  howpublished = "\url{https://www.smartcitiesworld.net/news/news/south-korea-to-step-up-online-coronavirus-tracking-5109}",
  year = {2020},
  note = "[Online; published 12-March-2020]"
}
